<?xml version="1.0" encoding="utf-8"?>
<record xmlns="http://www.loc.gov/MARC21/slim" xmlns:xsi="http://www.w3.org/2001/XMLSchema-instance" xsi:schemaLocation="http://www.loc.gov/MARC21/slim http://www.loc.gov/standards/marcxml/schema/MARC21slim.xsd">
	<leader>     nam a22        4500</leader>
	<controlfield tag="001">3072567</controlfield>
	<controlfield tag="003">NNC</controlfield>
	<controlfield tag="006">m        d        </controlfield>
	<controlfield tag="007">cr cn |||m|||a</controlfield>
	<controlfield tag="008">171211s1957    iq      o     000 0 araod</controlfield>
	<datafield ind1=" " ind2=" " tag="040">
		<subfield code="a">NNU</subfield>
		<subfield code="b">eng</subfield>
		<subfield code="e">rda</subfield>
		<subfield code="c">NNU</subfield>
	</datafield>
	<datafield ind1=" " ind2=" " tag="066">
		<subfield code="c">(3</subfield>
	</datafield>
	<datafield ind1=" " ind2="4" tag="050">
		<subfield code="a">PJ7750 .S13</subfield>
		<subfield code="b">Z5 1957</subfield>
	</datafield>
	<datafield ind1="1" ind2=" " tag="100">
		<subfield code="6">880-01</subfield>
		<subfield code="a">Āl Yāsīn, Muḥammad Ḥasan.</subfield>
	</datafield>
	<datafield ind1="1" ind2="3" tag="245">
		<subfield code="6">880-02</subfield>
		<subfield code="a">al-Ṣāḥib ibn ʻAbbād :</subfield>
		<subfield code="b">ḥayātuhu wa-adabuhu /</subfield>
		<subfield code="c">taʼlīf Muḥammad Ḥasan Āl Yāsīn.</subfield>
	</datafield>
	<datafield ind1=" " ind2=" " tag="250">
		<subfield code="6">880-03</subfield>
		<subfield code="a">[al-Ṭabʻah 1.].</subfield>
	</datafield>
	<datafield ind1=" " ind2=" " tag="260">
		<subfield code="6">880-04</subfield>
		<subfield code="a">[Baghdād] :</subfield>
		<subfield code="b">Dār al-Maʻārif lil-Taʼlīf wa-al-Tarjamah wa-al-Nashr,</subfield>
		<subfield code="c">[1957]</subfield>
	</datafield>
	<datafield ind1=" " ind2=" " tag="300">
		<subfield code="6">880-05</subfield>
		<subfield code="a">online resource (11, 288 pages)</subfield>
	</datafield>
	<datafield ind1=" " ind2=" " tag="336">
		<subfield code="a">text</subfield>
		<subfield code="2">rdacontent</subfield>
	</datafield>
	<datafield ind1=" " ind2=" " tag="337">
		<subfield code="a">computer</subfield>
		<subfield code="2">rdamedia</subfield>
	</datafield>
	<datafield ind1=" " ind2=" " tag="338">
		<subfield code="a">online resource</subfield>
		<subfield code="2">rdacarrier</subfield>
	</datafield>
	<datafield ind1="1" ind2=" " tag="490">
		<subfield code="a">Maktabat al-Ṣāḥib ibn ʻAbbād ;</subfield>
		<subfield code="v">1</subfield>
	</datafield>
	<datafield ind1=" " ind2=" " tag="500">
		<subfield code="a">Cover title: al-Sahib ibn ʻAbbad, his life, his literature, by Sheikh Muhammad Hasan al-Yaseen.</subfield>
	</datafield>
	<datafield ind1=" " ind2=" " tag="500">
		<subfield code="a">At head of title: Dār al-Maʻārif lil-Taʼālīf wa-al-Tarjamah wa-al-Nashr.</subfield>
	</datafield>
	<datafield ind1=" " ind2=" " tag="500">
		<subfield code="a">Part of the Arabic Collections Online (ACO) project, contributed by Columbia University Libraries.</subfield>
	</datafield>
	<datafield ind1=" " ind2=" " tag="533">
		<subfield code="a">Electronic reproduction.</subfield>
		<subfield code="b">New York, N.Y. :</subfield>
		<subfield code="c">New York University,</subfield>
		<subfield code="d">2017.</subfield>
		<subfield code="5">NNU</subfield>
	</datafield>
	<datafield ind1="1" ind2=" " tag="700">
		<subfield code="a">Ṣāḥib al-Ṭālqānī, Abū al-Qāsim Ismāʻīl ibn ʻAbbād,</subfield>
		<subfield code="d">936-995.</subfield>
	</datafield>
	<datafield ind1="2" ind2=" " tag="710">
		<subfield code="a">Columbia University.</subfield>
		<subfield code="b">Libraries.</subfield>
	</datafield>
	<datafield ind1="0" ind2=" " tag="730">
		<subfield code="a">Arabic Collections Online.</subfield>
	</datafield>
	<datafield ind1="0" ind2="8" tag="776">
		<subfield code="i">Print version:</subfield>
		<subfield code="a">Āl Yāsīn, Muḥammad Ḥasan.</subfield>
		<subfield code="t">al-Ṣāḥib ibn ʻAbbād</subfield>
		<subfield code="w">(NNC)3072567</subfield>
		<subfield code="w">(OCoLC)23511802</subfield>
	</datafield>
	<datafield ind1=" " ind2="0" tag="830">
		<subfield code="a">Maktabat al-Ṣāḥib ibn ʻAbbād ;</subfield>
		<subfield code="v">1.</subfield>
	</datafield>
	<datafield ind1="4" ind2="0" tag="856">
		<subfield code="u">http://hdl.handle.net/2333.1/nk98smmw</subfield>
	</datafield>
	<datafield ind1="1" ind2=" " tag="880">
		<subfield code="6">100-01/(3/r</subfield>
		<subfield code="a">آل ياسين، محمد حسن.</subfield>
	</datafield>
	<datafield ind1="1" ind2="2" tag="880">
		<subfield code="6">245-02/(3/r</subfield>
		<subfield code="a">الصاحب بن عباد :</subfield>
		<subfield code="b">حياته وادبه /</subfield>
		<subfield code="c">تأليف محمد حسن آل ياسين.</subfield>
	</datafield>
	<datafield ind1=" " ind2=" " tag="880">
		<subfield code="6">250-03/(3/r</subfield>
		<subfield code="a">[الطبعة 1.].</subfield>
	</datafield>
	<datafield ind1=" " ind2=" " tag="880">
		<subfield code="6">260-04/(3/r</subfield>
		<subfield code="a">[بغداد] :</subfield>
		<subfield code="b">دار المعارف للتأليف والترجمة والنشر،</subfield>
		<subfield code="c">[1957]</subfield>
	</datafield>
	<datafield ind1=" " ind2=" " tag="880">
		<subfield code="6">300-05/(3/r</subfield>
		<subfield code="a">11، 288 ص. ؛</subfield>
		<subfield code="c">24 س.</subfield>
	</datafield>
	<datafield ind1=" " ind2=" " tag="959">
		<subfield code="a">NNU</subfield>
		<subfield code="b">WEB</subfield>
		<subfield code="c">GENI</subfield>
		<subfield code="t">0</subfield>
		<subfield code="m">Electronic access</subfield>
		<subfield code="s">01</subfield>
	</datafield>
	<datafield ind1=" " ind2=" " tag="999">
		<subfield code="i">NNC_3072567</subfield>
		<subfield code="o">(OCoLC)ocm23511802</subfield>
		<subfield code="s">columbia_aco002925</subfield>
		<subfield code="e">(ERROR-880)</subfield>
	</datafield>
</record>
